<mx:record xmlns="http://www.w3.org/TR/xhtml1/strict" xmlns:mx="http://www.loc.gov/MARC21/slim" xmlns:xsi="http://www.w3.org/2001/XMLSchema-instance"><mx:leader>00037cz  2200037n  45 0</mx:leader><mx:controlfield tag="001">oca01819030 </mx:controlfield><mx:controlfield tag="005">20030220131905.0</mx:controlfield><mx:controlfield tag="008">870326n| acannaab           |a aaa     c</mx:controlfield><mx:datafield ind1=" " ind2=" " tag="010"><mx:subfield code="a">n  86024245</mx:subfield></mx:datafield><mx:datafield ind1=" " ind2=" " tag="040"><mx:subfield code="a">NjP</mx:subfield><mx:subfield code="c">DLC</mx:subfield><mx:subfield code="d">DLC</mx:subfield></mx:datafield><mx:datafield ind1="0" ind2=" " tag="100"><mx:subfield code="a">Thales,</mx:subfield><mx:subfield code="d">ca. 634-ca. 546 B.C.</mx:subfield></mx:datafield><mx:datafield ind1="0" ind2=" " tag="400"><mx:subfield code="a">Talete,</mx:subfield><mx:subfield code="d">ca. 634-ca. 546 B.C.</mx:subfield></mx:datafield><mx:datafield ind1="0" ind2=" " tag="400"><mx:subfield code="a">Thalēs,</mx:subfield><mx:subfield code="c">ho Milēsios,</mx:subfield><mx:subfield code="d">ca. 634-ca. 546 B.C.</mx:subfield></mx:datafield><mx:datafield ind1="0" ind2=" " tag="400"><mx:subfield code="a">Tales,</mx:subfield><mx:subfield code="d">ca. 634-ca. 546 B.C.</mx:subfield></mx:datafield><mx:datafield ind1=" " ind2=" " tag="670"><mx:subfield code="a">The Power of love over reason ... 1730?:</mx:subfield><mx:subfield code="b">p. 3, etc. (Thales)</mx:subfield></mx:datafield><mx:datafield ind1=" " ind2=" " tag="670"><mx:subfield code="a">Enc. Brit., 15th ed.</mx:subfield><mx:subfield code="b">(Thales of Miletus, fl. 6th cent. B.C.; Philosopher, no writings survive)</mx:subfield></mx:datafield><mx:datafield ind1=" " ind2=" " tag="670"><mx:subfield code="a">Collier&amp;#039;s enc., c1984</mx:subfield><mx:subfield code="b">(Thales, ca. 640-546 B.C.)</mx:subfield></mx:datafield><mx:datafield ind1=" " ind2=" " tag="670"><mx:subfield code="a">Enc. Amer.</mx:subfield><mx:subfield code="b">(Thales, c. 634-c. 546)</mx:subfield></mx:datafield><mx:datafield ind1=" " ind2=" " tag="670"><mx:subfield code="a">Ox. class. dict.,</mx:subfield><mx:subfield code="b">2nd ed. (Thales)</mx:subfield></mx:datafield><mx:datafield ind1=" " ind2=" " tag="670"><mx:subfield code="a">Enc. of phil., 1967</mx:subfield><mx:subfield code="b">(Thales of Miletus, fl. ca. 580 B.C.)</mx:subfield></mx:datafield><mx:datafield ind1=" " ind2=" " tag="670"><mx:subfield code="a">Laurenti, R. Introduzione a Talete, Anassimandro, Anassimene, 1986:</mx:subfield><mx:subfield code="b">t.p. (Talete)</mx:subfield></mx:datafield><mx:datafield ind1=" " ind2=" " tag="670"><mx:subfield code="a">Meg. Hell. enk.</mx:subfield><mx:subfield code="b">(Thalēs ho Milēsios, b. about 640 B.C., d. about 546 B.C.)</mx:subfield></mx:datafield><mx:datafield ind1=" " ind2=" " tag="670"><mx:subfield code="a">Polis i filozofija, 2000:</mx:subfield><mx:subfield code="b">t.p. (Talesa)</mx:subfield></mx:datafield><mx:datafield ind1=" " ind2=" " tag="999"><mx:subfield code="a">1002</mx:subfield></mx:datafield></mx:record>